

@article{Yu2001,
   author = {Yu, N. and Zhao, Z. and Fu, Y. X. and Sambuughin, N. and Ramsay, M. and Jenkins, T. and Leskinen, E. and Patthy, L. and Jorde, L. B. and Kuromori, T. and Li, W. H.},
   title = {Global patterns of human DNA sequence variation in a 10-kb region on chromosome 1},
   journal = {Mol. Biol. Evol.},
   volume = {18},
   pages = {214-222},
   year = {2001},
   type = {Journal Article}
}

@article{Gronau2011,
   author = {Gronau, Ilan and Hubisz, Melissa J and Gulko, Brad and Danko, Charles G and Siepel, Adam},
   title = {Bayesian inference of ancient human demography from individual genome sequences},
   journal = {Nature Genet.},
   volume = {43},
   pages = {1031-1034},
   year = {2011},
   type = {Journal Article}
}



@article{Degnan2018,
   Author = {Degnan, J. H.},
   Title = {Modeling hybridization under the network multispecies coalescent},
   Journal = {Syst. Biol.},
   Volume = {67},
   Number = {5},
   Pages = {786-799},
      Year = {2018} }


@article{Kubatko2009,
   Author = {Kubatko, L. S.},
   Title = {Identifying hybridization events in the presence of coalescence via model selection},
   Journal = {Syst. Biol.},
   Volume = {58},
   Number = {5},
   Pages = {478-488},
      Year = {2009} }


@article{Meng2009,
   Author = {Meng, C. and Kubatko, L.S.},
   Title = {Detecting hybrid speciation in the presence of incomplete lineage sorting using gene tree incongruence: amodel},
   Journal = {Theo. Popul. Biol.},
   Volume = {75},
   Number = {1},
   Pages = {35-45},
      Year = {2009} }


@article{Kubatko2015,
   Author = {Kubatko, L. and Chifman, J.},
   Title = {An invariants-based method for effcient identification of hybrid species from large-scale genomic data},
   Journal = {bioRxiv},
      Year = {2015}
}

@article{Solis-Lemus2016,
   Author = {Solis-Lemus, C. and Ane, C.},
   Title = {Inferring phylogenetic networks with maximum pseudolikelihood under incomplete lineage sorting},
   Journal = {PLoS Genet.},
   Volume = {12},
   Number = {3},
   Pages = {e1005896},
      Year = {2016} }


@article{Solis-Lemus2016sb,
   Author = {Solis-Lemus, C. and Yang, M. and Ane, C.},
   Title = {Inconsistency of species tree methods under gene flow},
   Journal = {Syst. Biol.},
   Volume = {65},
   Number = {5},
   Pages = {843-851},
   Year = {2016}
}

@article{Solis-Lemus2017,
   Author = {Solis-Lemus, C. and Bastide, P. and Ane, C.},
   Title = {PhyloNetworks: A package for phylogenetic networks},
   Journal = {Mol. Biol. Evol.},
   Volume = {34},
   Number = {12},
   Pages = {3292-3298},
      Year = {2017} }


@article{Blischak2018,
   Author = {Blischak, P. D. and Chifman, J. and Wolfe, A. D. and Kubatko, L. S.},
   Title = {HyDe: A Python package for genome-scale hybridization detection},
   Journal = {Syst. Biol.},
   Volume = {67},
   Number = {5},
   Pages = {821-829},
      Year = {2018} }


@article{Stamatakis2012,
   Author = {Stamatakis, A. and Aberer, A.J. and Goll, C. and Smith, S.A. and Berger, S.A. and Izquierdo-Carrasco, F.},
   Title = {RAxML-Light: a tool for computing terabyte phylogenies},
   Journal = {Bioinformatics},
   Volume = {28},
   Pages = {2064-2066},
      Year = {2012} }

@article{Jones2019,
   Author = {Jones, G. R.},
   Title = {Divergence estimation in the presence of incomplete lineage sorting and migration},
   Journal = {Syst. Biol.},
   Volume = {68},
   Number = {1},
   Pages = {19--31},
      Year = {2019} }

@article{Wen2018,
   Author = {Wen, D. and Nakhleh, L.},
   Title = {Coestimating reticulate phylogenies and gene trees from multilocus sequence data},
   Journal = {Syst. Biol.},
   Volume = {67},
   Number = {3},
   Pages = {439--457},
      Year = {2018} }

@article{Kingman1982,
   author = {Kingman, J.F.C.},
   title = {On the genealogy of large populations},
   journal = {J. Appl. Prob.},
   volume = {19A},
   pages = {27-43},
   year = {1982},
   type = {Journal Article}
}

@article{Hey2004,
   author = {Hey, J. and Nielsen, R.},
   title = {Multilocus methods for estimating population sizes, migration rates and divergence time, with applications to the divergence of Drosophila pseudoobscura and D. persimilis},
   journal = {Genetics},
   volume = {167},
   pages = {747-760},
   year = {2004},
   type = {Journal Article}
}

@article{HeyNielsen2007,
   title={Integration within the Felsenstein equation for improved Markov chain Monte Carlo methods in population genetics},
   author={Hey, Jody and Nielsen, Rasmus},
   journal={Proceedings of the National Academy of Sciences},
   volume={104},
   number={8},
   pages={2785--2790},
   year={2007}
}

@article{Hey2010,
   Author = {Hey, Jody},
   Title = {Isolation with migration models for more than two populations},
   Journal = {Mol. Biol. Evol.},
   Volume = {27},
   Pages = {905--920},
   Year = {2010}
}

@article{Hey2014,
   Author = {Hey, J. and Nielsen, R.},
   Title = {Multilocus methods for estimating population sizes, migration rates and divergence time, with applications to the divergence of  \textit{Drosophila pseudoobscura} and  \textit{D.~persimilis}},
   Journal = {Genetics},
   Volume = {167},
   Pages = {747--760},
      Year = {2004} }


@article{Hey2018,
   Author = {Hey, J. and Chung, Y. and Sethuraman, A. and Lachance, J. and Tishkoff, S. and Sousa, V. C. and Wang, Y.},
   Title = {Phylogeny estimation by integration over isolation with migration models},
   Journal = {Mol. Biol. Evol.},
   Volume = {35},
   Number = {11},
   Pages = {2805--2818},
   Year = {2018}
}

@article{Jackson2017,
   Author = {Jackson, N. D. and Carstens, B. C. and Morales, A. E. and O'Meara, B. C.},
   Title = {Species delimitation with gene flow},
   Journal = {Syst. Biol.},
   Volume = {66},
   Number = {5},
   Pages = {799--812},
      Year = {2017} }


@article{Mallet2016,
   Author = {Mallet, James and Besansky, Nora and Hahn, Matthew W.},
   Title = {How reticulated are species?},
   Journal = {BioEssays},
   Volume = {38},
   Number = {2},
   Pages = {140--149},
      Year = {2016} }


@article{Martin2017,
   Author = {Martin, S. H. and Jiggins, C. D.},
   Title = {Interpreting the genomic landscape of introgression},
   Journal = {Curr. Opin. Genet. Dev.},
   Volume = {47},
   Pages = {69--74},
      Year = {2017} }

@article{Takahata1995,
   Author = {Takahata, N. and Satta, Y. and Klein, J.},
   Title = {Divergence time and population size in the lineage leading to modern humans},
   Journal = {Theor. Popul. Biol.},
   Volume = {48},
   Pages = {198--221},
      Year = {1995}
}

@article{Hohna2016,
   Author = {Hohna, S. and Landis, M. J. and Heath, T. A. and Boussau, B. and Lartillot, N. and Moore, B. R. and Huelsenbeck, J. P. and Ronquist, F.},
   Title = {{RevBayes} Bayesian Phylogenetic Inference Using Graphical Models and an Interactive Model-Specification Language},
   Journal = {Syst. Biol.},
   Volume = {65},
   Number = {4},
   Pages = {726--736},
 Year = {2016} }


@article{Ogilvie2016,
   Author = {Ogilvie, H. A. and Heled, J. and Xie, D. and Drummond, A. J.},
   Title = {Computational Performance and Statistical Accuracy of {*BEAST} and Comparisons with Other Methods},
   Journal = {Syst. Biol.},
   Volume = {65},
   Pages = {381--396},
 Year = {2016}
}

@article{Lartillot2006,
   Author = {Lartillot, N. and Philippe, H.},
   Title = {Computing {Bayes} factors using thermodynamic integration},
   Journal = {Syst. Biol.},
   Volume = {55},
   Pages = {195--207},
 Year = {2006}
}

@article{Liu2009,
author = {Liu, L. and Yu, L. and  Pearl, D. K. and Edwards, S. V.},
title = {Estimating species phylogenies using coalescence times among sequences},
volume = {58},
pages = {468--477},
year = {2009},
journal = {Syst. Biol.}
}

@article{Leache2011,
  title={The accuracy of species tree estimation under simulation a comparison of methods},
  author={Leach{\'e}, Adam D and Rannala, Bruce},
  journal={Syst. Biol.},
  volume={60},
  number={2},
  pages={126--137},
  year={2011},
  publisher={Oxford University Press}
}

@article{Zhang2018,
   Author = {Zhang, C. and Ogilvie, Huw A.  and Drummond, Alexei J. and Stadler, T.},
   Title = {Bayesian inference of species networks from multilocus sequence data},
   Journal = {Mol. Biol. Evol.},
   Volume = {35},
   Pages = {504-517},
      Year = {2018} }


@article{Felsenstein1981,
  title={Evolutionary trees from {DNA} sequences: a maximum likelihood approach},
  author={Felsenstein, Joseph},
  journal={J. Mol. Evol.},
  volume={17},
  number={6},
  pages={368--376},
  year={1981}
}


@incollection{Jukes1969,
   Author = {Jukes, T.H. and Cantor, C.R.},
   Title = {Evolution of protein molecules},
   BookTitle = {Mammalian Protein Metabolism},
   Editor = {Munro, H.N.},
   Publisher = {Academic Press},
   Address = {New York},
   Pages = {21--123},
 Year = {1969} }


@article{Cardona2008,
   Author = {Cardona, G. and Rossello, F. and Valiente, G.},
   Title = {Extended {Newick}: it is time for a standard representation of phylogenetic networks},
   Journal = {BMC Bioinformatics},
   Volume = {9},
   Pages = {532},
      Year = {2008}
}

@article{Tiley2020,
   author = {Tiley, George P.  and Poelstra, Jelmer P.  and dos Reis, Mario  and Yang, Ziheng  and Yoder, Anne D.},
   title = {Molecular clocks without rocks: new solutions for old problems },
   journal = {Trends Genet.},
   volume = {36},
   pages = {in press},
   year = {2020},
   type = {Journal Article}
}

@incollection{Rannala2020b,
   author = {Flouri, T. and Rannala, B. and Yang, Z.},
   title = {A tutorial on the use of BPP for species tree estimation and species delimitation},
   booktitle = {Phylogenetics in the Genomic Era},
   editor = {Scornavacca, Celine  and Delsuc, Frederic  and Galtier, Nicolas },
   publisher = {No Commercial Publisher},
   chapter = {5.6},
   pages = {5.6.1-16},
   year = {2020},
   type = {Book Section}
}

@incollection{Flouri2020b,
   author = {Flouri, T. and Rannala, B. and Yang, Z.},
   title = {A tutorial on the use of BPP for species tree estimation and species delimitation},
   booktitle = {Phylogenetics in the Genomic Era},
   editor = {Scornavacca, Celine  and Delsuc, Frederic  and Galtier, Nicolas },
   publisher = {No Commercial Publisher},
   chapter = {5.6},
   pages = {5.6.1-16},
   year = {2020},
   type = {Book Section}
}

@article{Flouri2020a,
   author = {Flouri, Thomas and Jiao, Xiyun and Rannala, Bruce and Yang, Ziheng},
   title = {A Bayesian implementation of the multispecies coalescent model with introgression for phylogenomic analysis},
   journal = {Mol. Biol. Evol.},
   volume = {37},
   number = {4},
   pages = {1211-1223},
   DOI = {10.1093/molbev/mst012},
   year = {2020},
   type = {Journal Article}
}

@article{Jiao2020a,
   Author = {Jiao, Xiyun and Flouri, Thomas and Rannala, Bruce and Yang, Ziheng},
   Title = {The impact of cross-species gene flow on species tree stimation},
   Pages = {in press},
   Year = {2020} }

@incollection{Rannala2020b,
   author = {Rannala, B. and Yang, Z.},
   title = {Species delimitation},
   booktitle = {Phylogenetics in the Genomic Era},
   editor = {Galtier, Nicolas  and Delsuc, Frederic  and Scornavacca, Celine },
   publisher = {No Commercial Publisher},
   chapter = {5.5},
   pages = {5.5.1-18},
   year = {2020},
   type = {Book Section}
}

@incollection{Rannala2020a,
   author = {Rannala, B. and Edwards, S.V. and Leach\'e, A. D. and Yang, Z.},
   title = {The multispecies coalescent model and species tree inference},
   booktitle = {Phylogenetics in the Genomic Era},
   editor = {Scornavacca, Celine  and Delsuc, Frederic  and Galtier, Nicolas },
   publisher = {No Commercial Publisher},
   chapter = {3.3},
   pages = {3.3:1â€“20},
   year = {2020},
   type = {Book Section}
}


@article{Thawornwattana2018MBE,
   Author = {Thawornwattana, Y. and Dalquen, D.A. and Yang, Z.},
   Title = {Coalescent analysis of phylogenomic data confidently resolves the species relationships in the \textit{Anopheles gambiae} species complex},
   Journal = {Mol. Biol. Evol.},
   Volume = {35},
   Number = {10},
   Pages = {2512--2527},
   Year = {2018}
}

@article{Thawornwattana2018BA,
   Author = {Thawornwattana, Y. and Dalquen, D.A. and Yang, Z.},
   Title = {Designing simple and efficient {Markov chain Monte Carlo} proposal kernels},
   Journal = {Bayesian Analysis},
   Volume = {13},
   Number = {4},
   Pages = {1033--1059},
   Year = {2018}
}


@article{Shi2018,
   Author = {Shi, C.M. and Yang, Z.},
   Title = {Coalescent-based analyses of genomic sequence data provide a robust resolution of phylogenetic relationships among major groups of gibbons},
   Journal = {Mol. Biol. Evol.},
   Volume = {35},
   Pages = {159--179},
   Year = {2018} }


@article{Rannala2017,
   Author = {Rannala, B. and Yang, Z.},
   Title = {Efficient Bayesian species tree inference under the multispecies coalescent},
   Journal = {Syst. Biol.},
   Volume = {66},
   Pages = {823-842},
   Year = {2017}
}

@article{Dalquen2017,
   Author = {Dalquen, Daniel and Zhu, Tianqi and Yang, Ziheng},
   Title = {Maximum likelihood implementation of an isolation-with-migration model for three species},
   Journal = {Syst. Biol.},
   Volume = {66},
   Pages = {379--398},
   Year = {2017}
}

@article{Xu2016,
   Author = {Xu, Bo and Yang, Ziheng},
   Title = {Challenges in species tree estimation under the multispecies coalescent model},
   Journal = {Genetics},
   Volume = {204},
   Pages = {1353--1368},
   Note = {doi: 10.1534/genetics.116.190173},
   Year = {2016}
}

@article{Yang2015,
   title={The {BPP} program for species tree estimation and species delimitation},
   author={Yang, Z},
   journal={Curr. Zool.},
   volume={61},
   pages={854--865},
   year={2015}
}


@article{Yang2014a,
   author = {Yang, Ziheng and Rannala, Bruce},
   title = {Unguided species delimitation using {DNA} sequence data from multiple loci},
   volume = {31},
   number = {12},
   pages = {3125--3135},
   year = {2014},
   doi = {10.1093/molbev/msu279},
   journal = {Mol. Biol. Evol.}
}

@book{Yang2014b,
   AUTHOR    = {Yang, Z},
   TITLE     = {Molecular Evolution A Statistical Approach},
   PUBLISHER = {Oxford University Press},
   YEAR      = {2014},
   Address   = {Oxford, England}
}

@article{Rannala2013,
   author = {Rannala, Bruce and Yang, Ziheng},
   title = {Improved reversible jump algorithms for {Bayesian} species delimitation.},
   journal = {Genetics},
   year = {2013},
   volume = {194},
   pages = {245--253}
}

@article{Yang2013,
   Author = {Yang, Ziheng  and Rodriguez, Carlos E.},
   Title = {Searching for efficient {Markov chain Monte Carlo} proposal kernels},
   Journal = {Proc. Natl. Acad. Sci. U.S.A.},
   Volume = {110},
   Number = {48},
   Pages = {19307--19312},
   Year = {2013} }


@article{Zhu2012,
   Author = {Zhu, T. and Yang, .Z.},
   Title = {Maximum likelihood implementation of an isolation-with-migration model with three species for testing speciation with gene flow},
   Journal = {Mol. Biol. Evol.},
   Volume = {29},
   Pages = {3131--3142},
   Year = {2012}
}


@article{Yang2010,
   author = {Yang, Ziheng and Rannala, Bruce},
   title = {Bayesian species delimitation using multilocus sequence data.},
   journal = {Proc. Natl. Acad. Sci. USA},
   year = {2010},
   volume = {107},
   pages = {9264--9269}
}

@article{Burgess2008,
   title={Estimation of hominoid ancestral population sizes under {Bayesian} coalescent models incorporating mutation rate variation and sequencing errors},
   author={Burgess, Ralph and Yang, Ziheng},
   journal={Mol. Biol. Evol.},
   volume={25},
   number={9},
   pages={1979--1994},
   year={2008}
}

@article{Rannala2007,
   author = {Rannala, B. and Yang, Z.},
   title = {Inferring speciation times under an episodic molecular clock},
   journal = {Syst. Biol.},
   volume = {56},
   pages = {453-466},
   year = {2007},
   type = {Journal Article}
}

@article{Rannala2003,
   author = {Rannala, Bruce and Yang, Ziheng},
   title = {Bayes estimation of species divergence times and ancestral population sizes using {DNA} sequences from multiple loci},
   volume = {164},
   number = {4},
   pages = {1645--1656},
   year = {2003},
   journal = {Genetics}
}

@article{Yang2002,
   title={Likelihood and {Bayes} estimation of ancestral population sizes in hominoids using data from multiple loci},
   author={Yang, Ziheng},
   journal={Genetics},
   volume={162},
   number={4},
   pages={1811--1823},
   year={2002}
}

@article{Yang1994b,
   Author = {Yang, Z.},
   Title = {Maximum likelihood phylogenetic estimation from DNA sequences with variable rates over sites: approximate methods},
   Journal = {J. Mol. Evol.},
   Volume = {39},
   Pages = {306-314},
   Year = {1994} }

@article{Yang1994a,
   Author = {Yang, Z.},
   Title = {Estimating the pattern of nucleotide substitution},
   Journal = {J Mol Evol},
   Volume = {39},
   Number = {1},
   Pages = {105-11},
   Year = {1994}
}

@article{Yang1993,
   author = {Yang, Z.},
   title = {Maximum-likelihood estimation of phylogeny from DNA sequences when substitution rates differ over sites},
   journal = {Mol. Biol. Evol.},
   volume = {10},
   pages = {1396-1401},
   year = {1993},
   type = {Journal Article}
}

@article{Zhu2015,
   author = {Zhu, Tianqi and dos Reis, Mario and Yang, Ziheng},
   title = {Characterization of the uncertainty of divergence time estimation under relaxed molecular clock models using multiple loci},
   journal = {Syst. Biol.},
   volume = {64},
   number = {2},
   pages = {267-280},
   year = {2015},
   type = {Journal Article}
}

@article{DosReis2014,
   author = {dos Reis, Mario and Zhu, Tianqi and Yang, Ziheng},
   title = {The impact of the rate prior on Bayesian estimation of divergence times with multiple loci},
   journal = {Syst. Biol.},
   volume = {63},
   number = {4},
   pages = {555-565},
   year = {2014},
   type = {Journal Article}
}

@article{Zhou2012,
   author = {Zhou, W. W. and Wen, Y. and Fu, J. and Xu, Y. B. and Jin, J. Q. and Ding, L. and Min, M. S. and Che, J. and Zhang, Y. P.},
   title = {Speciation in the Rana chensinensis species complex and its relationship to the uplift of the Qinghai-Tibetan Plateau},
   journal = {Mol. Ecol.},
   volume = {21},
   number = {4},
   pages = {960--973},
   year = {2012},
}

@article{Flouri2018,
    author = {Flouri, Tomáš and Jiao, Xiyun and Rannala, Bruce and Yang, Ziheng},
    title = "{Species Tree Inference with BPP Using Genomic Sequences and the Multispecies Coalescent}",
    journal = {Molecular Biology and Evolution},
    volume = {35},
    number = {10},
    pages = {2585-2593},
    year = {2018},
    issn = {0737-4038},
    doi = {10.1093/molbev/msy147},
    url = {https://doi.org/10.1093/molbev/msy147},
    eprint = {https://academic.oup.com/mbe/article-pdf/35/10/2585/26070537/msy147.pdf},
}
